<?xml version="1.0" encoding="UTF-8"?>
<ting:container xmlns:ting="http://www.dbc.dk/ting" xmlns:dkabm="http://biblstandard.dk/abm/namespace/dkabm/" xmlns:ac="http://biblstandard.dk/ac/namespace/" xmlns:dkdcplus="http://biblstandard.dk/abm/namespace/dkdcplus/" xmlns:oss="http://oss.dbc.dk/ns/osstypes" xmlns:dc="http://purl.org/dc/elements/1.1/" xmlns:dcterms="http://purl.org/dc/terms/" xmlns:xsi="http://www.w3.org/2001/XMLSchema-instance" xmlns:docbook="http://docbook.org/ns/docbook" xmlns:oso="http://oss.dbc.dk/ns/opensearchobjects"><dkabm:record><ac:identifier>836533|820030</ac:identifier><ac:source>Bibliotekskatalog</ac:source><dc:title>No country for old men</dc:title><dc:title xsi:type="dkdcplus:full">No country for old men</dc:title><dc:creator xsi:type="dkdcplus:aut">Cormac McCarthy</dc:creator><dc:creator xsi:type="oss:sort">McCarthy, Cormac</dc:creator><dcterms:audience>voksenmaterialer</dcterms:audience><dc:publisher>Picador</dc:publisher><dc:date>2005</dc:date><dc:type xsi:type="dkdcplus:BibDK-Type">Bog</dc:type><dcterms:extent>309 s.</dcterms:extent><dc:identifier xsi:type="dkdcplus:ISBN">0330440101</dc:identifier><dc:identifier xsi:type="dkdcplus:ISBN">0330440306</dc:identifier></dkabm:record><marcx:collection xmlns:marcx="info:lc/xmlns/marcxchange-v1"><marcx:record format="danMARC2" type="Bibliographic"><marcx:leader>000000000000000000000000</marcx:leader><marcx:datafield tag="001" ind1="0" ind2="0"><marcx:subfield code="a">836533</marcx:subfield><marcx:subfield code="b">820030</marcx:subfield><marcx:subfield code="f">a</marcx:subfield></marcx:datafield><marcx:datafield tag="004" ind1="0" ind2="0"><marcx:subfield code="r">n</marcx:subfield><marcx:subfield code="a">e</marcx:subfield></marcx:datafield><marcx:datafield tag="008" ind1="0" ind2="0"><marcx:subfield code="t">m</marcx:subfield><marcx:subfield code="v">4</marcx:subfield></marcx:datafield><marcx:datafield tag="009" ind1="0" ind2="0"><marcx:subfield code="a">a</marcx:subfield><marcx:subfield code="g">xx</marcx:subfield></marcx:datafield><marcx:datafield tag="021" ind1="0" ind2="0"><marcx:subfield code="a">0330440101</marcx:subfield></marcx:datafield><marcx:datafield tag="021" ind1="0" ind2="0"><marcx:subfield code="a">0330440306</marcx:subfield></marcx:datafield><marcx:datafield tag="088" ind1="0" ind2="0"><marcx:subfield code="a">He</marcx:subfield><marcx:subfield code="d">litterære tekster engelske</marcx:subfield></marcx:datafield><marcx:datafield tag="096" ind1="0" ind2="0"><marcx:subfield code="z">820030</marcx:subfield></marcx:datafield><marcx:datafield tag="100" ind1="0" ind2="0"><marcx:subfield code="a">McCarthy</marcx:subfield><marcx:subfield code="h">Cormac</marcx:subfield></marcx:datafield><marcx:datafield tag="245" ind1="0" ind2="0"><marcx:subfield code="a">No country for old men</marcx:subfield></marcx:datafield><marcx:datafield tag="260" ind1="0" ind2="0"><marcx:subfield code="a">London</marcx:subfield><marcx:subfield code="b">Picador</marcx:subfield><marcx:subfield code="c">2005</marcx:subfield></marcx:datafield><marcx:datafield tag="300" ind1="0" ind2="0"><marcx:subfield code="a">309 s.</marcx:subfield></marcx:datafield><marcx:datafield tag="595" ind1="0" ind2="0"><marcx:subfield code="a">301129</marcx:subfield></marcx:datafield><marcx:datafield tag="n50" ind1="0" ind2="0"><marcx:subfield code="a">20101212</marcx:subfield></marcx:datafield><marcx:datafield tag="n55" ind1="0" ind2="0"><marcx:subfield code="a">20111215</marcx:subfield></marcx:datafield></marcx:record></marcx:collection><oss:openurl>_BASEURL_url_ctx_fmt=info:ofi/fmt:kev:mtx:ctx&amp;ctx_ver=Z39.88-2004&amp;rft_val_fmt=info:ofi/fmt:kev:mtx:book&amp;rft.btitle=No+country+for+old+men&amp;rft.aulast=McCarthy&amp;rft.aufirst=Cormac&amp;rft.auinit=C&amp;rft.date=2005&amp;rft.isbn=0330440306&amp;rft.pub=Picador&amp;rft.genre=book</oss:openurl><holdings><holding><type>record</type><pid>820030-katalog:836533</pid><dataOwner>820030</dataOwner><format>katalog</format><identifier>836533</identifier><materialOwner>820030</materialOwner><state>a</state></holding></holdings><adminData><creationDate>2011-12-15</creationDate><libraryType>research</libraryType><indexingAlias>danmarcxchange</indexingAlias><accessType>physical</accessType><collectionIdentifier>820030-katalog</collectionIdentifier><collectionIdentifier>870970-forsk</collectionIdentifier></adminData></ting:container>